<?xml version="1.0" encoding="UTF-8"?>
<record xmlns="http://www.loc.gov/MARC21/slim">
   <leader>01609cam a2200373 a 4500</leader>
   <controlfield tag="001">4461465</controlfield>
   <controlfield tag="003">NjP</controlfield>
   <controlfield tag="005">20190710123732.0</controlfield>
   <controlfield tag="007">hd bfa012baaa</controlfield>
   <controlfield tag="007">hd bfa012baba</controlfield>
   <controlfield tag="007">hd afa012baca</controlfield>
   <controlfield tag="008">050223s1954    le      ab    000 0 ara d</controlfield>
   <datafield tag="024" ind1="7" ind2=" ">
      <subfield code="a">princeton_aco004783</subfield>
      <subfield code="2">local</subfield>
   </datafield>
   <datafield ind1=" " ind2=" " tag="035">
      <subfield code="a">4461465</subfield>
   </datafield>
   <datafield ind1=" " ind2=" " tag="040">
      <subfield code="a">NjP</subfield>
      <subfield code="c">PUL</subfield>
      <subfield code="d">PUL</subfield>
   </datafield>
   <datafield ind1=" " ind2=" " tag="035">
      <subfield code="a">(NjP)4461465</subfield>
   </datafield>
   <datafield ind1=" " ind2=" " tag="049">
      <subfield code="a">PULL</subfield>
   </datafield>
   <datafield ind1=" " ind2=" " tag="019">
      <subfield code="a">177675281</subfield>
   </datafield>
   <datafield ind1=" " ind2=" " tag="035">
      <subfield code="a">(OCoLC)ocm30730736</subfield>
      <subfield code="z">(OCoLC)ocn177675281</subfield>
   </datafield>
   <datafield ind1="1" ind2=" " tag="100">
      <subfield code="6">880-01</subfield>
      <subfield code="a">Shanbūr, Raʼfat Shafīq.</subfield>
   </datafield>
   <datafield ind1="1" ind2="0" tag="245">
      <subfield code="6">880-02</subfield>
      <subfield code="a">Dustūr al-ḥukm wa-al-sultah fī al-Qurʼān wa-al-sharāʼiʻ /</subfield>
      <subfield code="c">waḍaʻaha Raʼfat Shafīq Shanbūr.</subfield>
   </datafield>
   <datafield ind1=" " ind2=" " tag="260">
      <subfield code="6">880-03</subfield>
      <subfield code="a">Ṣaydā, Lubnān :</subfield>
      <subfield code="b">al-Maṭabʻah al-ʻAṣrīyah,</subfield>
      <subfield code="c">1954.</subfield>
   </datafield>
   <datafield ind1=" " ind2=" " tag="300">
      <subfield code="a">163 p. ;</subfield>
      <subfield code="c">24 cm.</subfield>
   </datafield>
   <datafield ind1=" " ind2=" " tag="504">
      <subfield code="a">Includes bibliographical references.</subfield>
   </datafield>
   <datafield ind1=" " ind2=" " tag="500">
      <subfield code="a">Title on added t.p.: La constitution du pouvoir et de l'autorité dans le Coran et les legislations.</subfield>
   </datafield>
   <datafield ind1=" " ind2="0" tag="650">
      <subfield code="a">Islamic law.</subfield>
      <subfield code="0">http://id.loc.gov/authorities/subjects/sh85068454</subfield>
   </datafield>
   <datafield ind1="0" ind2=" " tag="740">
      <subfield code="a">Constitution du pouvoir et de l'autorité dans le Coran et les legislations.</subfield>
   </datafield>
   <datafield ind1=" " ind2="0" tag="830">
      <subfield code="a">Princeton University Arabic collection ;</subfield>
      <subfield code="v">cn. 9402629.01.-9402630.01.</subfield>
   </datafield>
   <datafield ind1=" " ind2="0" tag="830">
      <subfield code="a">Princeton University Arabic collection.</subfield>
      <subfield code="p">Phase II.</subfield>
   </datafield>
   <datafield ind1="1" ind2=" " tag="880">
      <subfield code="6">100-01/r</subfield>
      <subfield code="a">شنبور، رأفة شفيق.</subfield>
   </datafield>
   <datafield ind1="1" ind2="0" tag="880">
      <subfield code="6">245-02/r</subfield>
      <subfield code="a">دستور الحكم والسلتة في القرآن والشرائع /</subfield>
      <subfield code="c">وضعه رأفة شفيق شنبور.</subfield>
   </datafield>
   <datafield ind1=" " ind2=" " tag="880">
      <subfield code="6">260-03/r</subfield>
      <subfield code="a">صيدا، لبنان :</subfield>
      <subfield code="b">المطبعة العصرية،</subfield>
      <subfield code="c">1954.</subfield>
   </datafield>
   <datafield ind1=" " ind2=" " tag="904">
      <subfield code="a">mv</subfield>
      <subfield code="b">m</subfield>
      <subfield code="h">m</subfield>
      <subfield code="c">b</subfield>
      <subfield code="e">20050223</subfield>
   </datafield>
   <datafield ind1=" " ind2=" " tag="994">
      <subfield code="a">C0</subfield>
      <subfield code="b">PUL</subfield>
   </datafield>
   <datafield ind1=" " ind2=" " tag="999">
      <subfield code="a">4461465</subfield>
   </datafield>
   <datafield ind1=" " ind2=" " tag="979">
      <subfield code="a">(OCoLC)ocn178976531</subfield>
   </datafield>
   <datafield ind1="8" ind2=" " tag="852">
      <subfield code="0">4714586</subfield>
      <subfield code="b">rcppa</subfield>
      <subfield code="h">2274.8791.331</subfield>
   </datafield>
   <datafield ind1=" " ind2=" " tag="959">
      <subfield code="a">2005-02-23 17:36:01 -0500</subfield>
   </datafield>
</record>
